@article{Kilby01,
   author = {Kilby, Jack St Clair},
   title = {Turning Potential into Realities: The Invention of the Integrated Circuit (Nobel Lecture},
   journal = {ChemPhysChem},
   volume = {2},
   number = {8‚Äê9},
   pages = {482-489},
   ISSN = {1439-4235},
   DOI = {10.1002/1439-7641(20010917)2:8/9<482::AID-CPHC482>3.0.CO
2-Y},
   year = {2001},
   type = {Journal Article}
}

@article{Moore65,
   author = {Moore, G. E.},
   title = {Cramming More Components Onto Integrated Circuits},
   journal = {Proceedings of the IEEE},
   volume = {86},
   number = {1},
   pages = {82-85},
   ISSN = {0018-9219},
   DOI = {10.1109/JPROC.1998.658762},
   year = {1998},
   type = {Journal Article}
}

@misc{intel4004,
   month = {2018/05/20/},
   url = {https://www.intel.co.uk/content/www/uk/en/history/museum-story-of-intel-4004.html},
   year = {2018},
   type = {Web Page}
}

@misc{intelchips,
   url = {https://www.intel.com/content/dam/www/public/us/en/documents/corporate-information/history-intel-chips-timeline-poster.pdf},
   year = {2012},
   type = {Press Release}
}
@article{Micro,
   author = {Brennan, J. and Molloy, Michael},
   title = {Microcomputers},
   journal = {Interfaces},
   volume = {13},
   number = {1},
   pages = {28-39},
   ISSN = {0092-2102},
   DOI = {10.1287/inte.13.1.28},
   year = {1983},
   type = {Journal Article}
}
@misc{EET75,
   url = {https://www.commodore.ca/gallery/magazines/misc/mos_605x_team_eetimes_august_1975.pdf},
   year = {1975},
   type = {Newspaper Article}
}

@book{Dorf95,
   author = {Dorf, Richard C.},
   title = {The Engineering handbook},
   publisher = {Boca Raton : CRC Press},
   address = {Boca Raton},
   year = {1995},
   type = {Book}
}

@book{infoworld82,
   title = {InfoWorld},
   publisher = {InfoWorld Media Group, Inc.},
   ISBN = {0199-6649},
   url = {https://books.google.com.au/books?id=dT4EAAAAMBAJ&printsec=frontcover&source=gbs_ge_summary_r&cad=0#v=onepage&q=commodore%2064&f=false},
   year = {1982},
   type = {Book}
}

@article{Gupta84,
   author = {Gupta, A. and Toong, H. M. D.},
   title = {The first decade of personal computers},
   journal = {Proceedings of the IEEE},
   volume = {72},
   number = {3},
   pages = {246-258},
   ISSN = {0018-9219},
   DOI = {10.1109/PROC.1984.12857},
   year = {1984},
   type = {Journal Article}
}

@article{Cass14,
   author = {Cass, Stephen},
   title = {The Golden Age of Basic},
   journal = {IEEE Spectrum: Technology, Engineering, and Science News},
   url = {https://spectrum.ieee.org/tech-talk/tech-history/silicon-revolution/the-golden-age-of-basic},
   year = {2014},
   type = {Journal Article}
}

@article{Swalwell12,
   author = {Swalwell, Melanie},
   title = {Questions about the usefulness of microcomputers in 1980s Australia},
   journal = {Media International Australia incorporating Culture and Policy},
   number = {143},
   pages = {63+},
   month = {2012/05//},
   ISSN = {1329878X},
   url = {http://link.galegroup.com.ezproxy.flinders.edu.au/apps/doc/A294194531/EAIM?u=flinders&sid=EAIM&xid=9ad92132},
   year = {2012},
   type = {Magazine Article}
}

@misc{pagetable,
   month = {2018/10/21/},
   url = {https://www.pagetable.com/?p=547},
   year = {2018},
   type = {Generic}
}

@misc{guinness,
   month = {2018/10/21/},
   url = {http://www.guinnessworldrecords.com/search/applicationrecordsearch?term=commodore+64&contentType=record},
   year = {2018},
   type = {Generic}
}

@misc{blog24jan14,
   month = {2018/10/18/},
   url = {http://c65gs.blogspot.com/2014/01/some-screen-shots.html},
   year = {2018},
   type = {Generic}
}

@misc{MEGA65manual,
   url = {https://github.com/MEGA65/mega65-core/blob/master/doc/usermanual0.md#11-purpose},
   year = {2016},
   type = {Web Page}
}

@misc{gazette89,
   month = {september 1989},
   url = {https://archive.org/details/1989-09-computegazette/page/n0},
   year = {1989},
   type = {Generic}
}

@misc{blog30jan14,
   month = {2018/10/18/},
   url = {http://c65gs.blogspot.com/2014/01/motivations-and-goals-for-project.html},
   year = {2018},
   type = {Generic}
}

@misc{megaintro,
   month = {2018/10/22/},
   url = {http://www.m-e-g-a.org/mega65-introduction},
   year = {2018},
   type = {Generic}
}

@misc{blogapril15,
   month = {2018/10/18/},
   url = {http://c65gs.blogspot.com/2015/04},
   year = {2018},
   type = {Generic}
}





